@article{gstools,
  author       = {Sebastian Müller and Lennart Schüler},
  title        = {{GSTools v1.3: a toolbox for geostatistical modelling in Python,}},
  journal      = {{Geosci. Model Dev.}},
  volume       = {15},
  year         = {2022},
  pages        = {3161–-3182}
}


